@book{book:RadarHandbook,
	title =     {Radar Handbook, Third Edition},
	author =    {Merrill Skolnik},
	publisher = {McGraw-Hill Professional},
	isbn =      {0071485473; 9780071485470},
	year =      {2008},
	edition =   {3},
	url =       {libgen.li/file.php?md5=a82fa32eea98c70cf32eee4aaefc5a14}}
	
	
@misc{qpsk-ber,
	author = {},
	title = {unilim.fr},
	howpublished = {\url{https://www.unilim.fr/pages_perso/vahid/notes/ber_awgn.pdf}},
	year = {},
	note = {[Accessed 21-11-2024]},
}
	

@misc{matlab-qpsk-ber,
	author = {},
	title = {{E}stimate {B}{E}{R} of {Q}{P}{S}{K} in {A}{W}{G}{N} with {R}eed-{S}olomon {C}oding},
	howpublished = {\url{https://www.mathworks.com/help/comm/ug/estimate-ber-of-qpsk-in-awgn-with-reed-solomon-coding.html}},
	year = {},
	note = {[Accessed 22-11-2024]},
}

@misc{qslGainParabolic,
	author = {},
	title = {{G}ain of a parabolic antenna --- qsl.net},
	howpublished = {\url{https://www.qsl.net/pa2ohh/jsparabolic.htm}},
	year = {},
	note = {[Accessed 22-11-2024]},
}
	
	
	
	
	
	